<?xml version="1.0" encoding="UTF-8"?><collection xmlns="http://www.loc.gov/MARC21/slim"><record><leader>00661nam--2200205-u-4500</leader><controlfield tag="001">000052489</controlfield><controlfield tag="002">20161230</controlfield><controlfield tag="005">20161230201050</controlfield><controlfield tag="008">100729s1000------------r-----000-0-eng-d</controlfield><datafield ind1=" " ind2=" " tag="020"><subfield code="a">9783540680949</subfield></datafield><datafield ind1=" " ind2=" " tag="040"><subfield code="a">IFIN-HH</subfield></datafield><datafield ind1=" " ind2=" " tag="080"><subfield code="a">53.06</subfield></datafield><datafield ind1="1" ind2=" " tag="100"><subfield code="a">Griebel, Michael</subfield></datafield><datafield ind1="1" ind2="0" tag="245"><subfield code="a">Numerical Simulation in Molecular Dynamics</subfield><subfield code="b">Numerics, Algorithms, Parellelization, Applications</subfield><subfield code="c">Michael Griebel, Stephan Knapek, Gerhard Zumbusch</subfield></datafield><datafield ind1=" " ind2=" " tag="260"><subfield code="a">Berlin</subfield><subfield code="b">Springer-Verlag</subfield><subfield code="c">2007</subfield></datafield><datafield ind1=" " ind2=" " tag="300"><subfield code="a">470 p</subfield></datafield><datafield ind1=" " ind2=" " tag="490"><subfield code="a">Texts in Computational Science and Engineering</subfield><subfield code="v">vol. 5</subfield></datafield><datafield ind1="1" ind2=" " tag="700"><subfield code="a">Zumbusch, Gerhard</subfield></datafield><datafield ind1=" " ind2=" " tag="852"><subfield code="a">82292</subfield><subfield code="c">681.3</subfield></datafield><datafield ind1=" " ind2=" " tag="CAT"><subfield code="a">Sys</subfield><subfield code="c">20100906</subfield><subfield code="h">110305</subfield></datafield></record></collection>